<collection xmlns="http://www.loc.gov/MARC21/slim"><record><leader>00716nam  2200205   450</leader><controlfield tag="001">290</controlfield><controlfield tag="003">http://montalegre.opacnet.com/OPAC/default.aspx?ContentAreaControl=ShowRegHoldings.ascx&amp;RegNo=16662</controlfield><datafield tag="095" ind1=" " ind2=" "><subfield code="a">PTBN00015412</subfield></datafield><datafield tag="100" ind1=" " ind2=" "><subfield code="a">19861101d1986    m  y0pora010305  ba</subfield></datafield><datafield tag="101" ind1="1" ind2=" "><subfield code="a">por</subfield><subfield code="c">eng</subfield></datafield><datafield tag="102" ind1=" " ind2=" "><subfield code="a">PT</subfield></datafield><datafield tag="200" ind1="1" ind2=" "><subfield code="a">Contos do sobrenatural</subfield><subfield code="f">trad. de Maria Teresa Pinto Pereira</subfield></datafield><datafield tag="210" ind1=" " ind2=" "><subfield code="a">Mem Martins</subfield><subfield code="c">Europa-América</subfield><subfield code="d">D.L. 1986</subfield></datafield><datafield tag="215" ind1=" " ind2=" "><subfield code="a">173 p.</subfield><subfield code="d">18 cm</subfield></datafield><datafield tag="225" ind1="2" ind2=" "><subfield code="a">Livros de bolso</subfield><subfield code="i">Série pêndulo</subfield><subfield code="v">30</subfield></datafield><datafield tag="304" ind1=" " ind2=" "><subfield code="a">Tít. orig. Great tales of the supernatural</subfield></datafield><datafield tag="675" ind1=" " ind2=" "><subfield code="a">821</subfield><subfield code="v">BN</subfield><subfield code="z">por</subfield></datafield><datafield tag="702" ind1=" " ind2="1"><subfield code="a">Pereira</subfield><subfield code="b">Teresa Pinto</subfield><subfield code="4">730</subfield></datafield><datafield tag="801" ind1=" " ind2="0"><subfield code="a">PT</subfield><subfield code="b">Biblioteca Municipal de Montalegre</subfield><subfield code="g">RPC</subfield></datafield><datafield tag="856" ind1=" " ind2=" "><subfield code="u">locateMedia.asp?cod=20060511110612&amp;ext=jpg</subfield><subfield code="z">CAPA</subfield></datafield><datafield tag="909" ind1="&#9;" ind2=" "><subfield code="a">1</subfield></datafield><datafield tag="966" ind1=" " ind2=" "><subfield code="a">0005503</subfield><subfield code="l">BMM</subfield><subfield code="s">SCG 82-34 POE con 30</subfield></datafield></record></collection>